[gd_scene load_steps=27 format=2]

[ext_resource path="res://Assets/tamagotchi-BASE.png" type="Texture" id=1]
[ext_resource path="res://Scenes/Tamagotchi.gd" type="Script" id=2]
[ext_resource path="res://Assets/tamagotchi-UI-meter-foodhappy.png" type="Texture" id=3]
[ext_resource path="res://Assets/tamagotchi-UI-menu.png" type="Texture" id=4]
[ext_resource path="res://Assets/tamagotchi-UI-meters.png" type="Texture" id=5]
[ext_resource path="res://Assets/tamagotchi-UI-meter-battery.png" type="Texture" id=6]
[ext_resource path="res://Assets/tamagotchi-BUTTON-down.png" type="Texture" id=7]
[ext_resource path="res://Assets/tamagotchi-BUTTON-menu.png" type="Texture" id=8]
[ext_resource path="res://Assets/tamagotchi-BUTTON-up.png" type="Texture" id=9]
[ext_resource path="res://Assets/tamagotchi-BUTTON-left.png" type="Texture" id=10]
[ext_resource path="res://Assets/tamagotchi-BUTTON-right.png" type="Texture" id=11]
[ext_resource path="res://Assets/tamagotchi-DAVE.png" type="Texture" id=12]
[ext_resource path="res://Assets/tamagotchi-BURGER.png" type="Texture" id=13]
[ext_resource path="res://Assets/tamagotchi-DAVE-mazerunner.png" type="Texture" id=14]
[ext_resource path="res://Assets/tamagotchi-MAZE-ball.png" type="Texture" id=15]
[ext_resource path="res://Assets/tamagotchi-MAZE.png" type="Texture" id=16]

[sub_resource type="Animation" id=1]
resource_name = "one_poo"
length = 3.0
loop = true
tracks/0/type = "value"
tracks/0/path = NodePath(".:frame")
tracks/0/interp = 1
tracks/0/loop_wrap = true
tracks/0/imported = false
tracks/0/enabled = true
tracks/0/keys = {
"times": PoolRealArray( 0, 1, 2 ),
"transitions": PoolRealArray( 1, 1, 1 ),
"update": 1,
"values": [ 0, 1, 2 ]
}

[sub_resource type="Animation" id=2]
resource_name = "two_poos"
length = 3.0
loop = true
tracks/0/type = "value"
tracks/0/path = NodePath(".:frame")
tracks/0/interp = 1
tracks/0/loop_wrap = true
tracks/0/imported = false
tracks/0/enabled = true
tracks/0/keys = {
"times": PoolRealArray( 0, 1, 2 ),
"transitions": PoolRealArray( 1, 1, 1 ),
"update": 1,
"values": [ 6, 7, 8 ]
}

[sub_resource type="Animation" id=3]
resource_name = "Dead"
length = 4.5
tracks/0/type = "value"
tracks/0/path = NodePath("DigitalScreen/Characters/Dave:frame")
tracks/0/interp = 1
tracks/0/loop_wrap = true
tracks/0/imported = false
tracks/0/enabled = true
tracks/0/keys = {
"times": PoolRealArray( 0, 0.5, 1, 1.5, 2, 2.5, 3, 3.5, 4 ),
"transitions": PoolRealArray( 1, 1, 1, 1, 1, 1, 1, 1, 1 ),
"update": 1,
"values": [ 12, 13, 14, 12, 13, 14, 12, 13, 14 ]
}
tracks/1/type = "value"
tracks/1/path = NodePath("DigitalScreen/Characters/Dave:position")
tracks/1/interp = 1
tracks/1/loop_wrap = true
tracks/1/imported = false
tracks/1/enabled = true
tracks/1/keys = {
"times": PoolRealArray( 0 ),
"transitions": PoolRealArray( 1 ),
"update": 0,
"values": [ Vector2( 28.4, 32.25 ) ]
}
tracks/2/type = "value"
tracks/2/path = NodePath("DigitalScreen/Characters/Poo:visible")
tracks/2/interp = 1
tracks/2/loop_wrap = true
tracks/2/imported = false
tracks/2/enabled = true
tracks/2/keys = {
"times": PoolRealArray( 0 ),
"transitions": PoolRealArray( 1 ),
"update": 1,
"values": [ false ]
}
tracks/3/type = "value"
tracks/3/path = NodePath("DigitalScreen/Meters:visible")
tracks/3/interp = 1
tracks/3/loop_wrap = true
tracks/3/imported = false
tracks/3/enabled = true
tracks/3/keys = {
"times": PoolRealArray( 0 ),
"transitions": PoolRealArray( 1 ),
"update": 1,
"values": [ false ]
}

[sub_resource type="Animation" id=4]
resource_name = "Disappointed"
length = 1.5
tracks/0/type = "value"
tracks/0/path = NodePath("DigitalScreen/Characters/Dave:frame")
tracks/0/interp = 1
tracks/0/loop_wrap = true
tracks/0/imported = false
tracks/0/enabled = true
tracks/0/keys = {
"times": PoolRealArray( 0 ),
"transitions": PoolRealArray( 1 ),
"update": 1,
"values": [ 11 ]
}

[sub_resource type="Animation" id=5]
resource_name = "Happy"
length = 1.5
tracks/0/type = "value"
tracks/0/path = NodePath("DigitalScreen/Characters/Dave:frame")
tracks/0/interp = 1
tracks/0/loop_wrap = true
tracks/0/imported = false
tracks/0/enabled = true
tracks/0/keys = {
"times": PoolRealArray( 0 ),
"transitions": PoolRealArray( 1 ),
"update": 1,
"values": [ 4 ]
}

[sub_resource type="Animation" id=6]
resource_name = "Hungry"
length = 2.0
loop = true
tracks/0/type = "value"
tracks/0/path = NodePath("DigitalScreen/Characters/Dave:frame")
tracks/0/interp = 1
tracks/0/loop_wrap = true
tracks/0/imported = false
tracks/0/enabled = true
tracks/0/keys = {
"times": PoolRealArray( 0, 1 ),
"transitions": PoolRealArray( 1, 1 ),
"update": 1,
"values": [ 9, 10 ]
}

[sub_resource type="Animation" id=7]
resource_name = "Idle"
tracks/0/type = "value"
tracks/0/path = NodePath("DigitalScreen/Characters/Dave:frame")
tracks/0/interp = 1
tracks/0/loop_wrap = true
tracks/0/imported = false
tracks/0/enabled = true
tracks/0/keys = {
"times": PoolRealArray( 0 ),
"transitions": PoolRealArray( 1 ),
"update": 1,
"values": [ 3 ]
}
tracks/1/type = "value"
tracks/1/path = NodePath("DigitalScreen/Characters/Dave:position")
tracks/1/interp = 1
tracks/1/loop_wrap = true
tracks/1/imported = false
tracks/1/enabled = true
tracks/1/keys = {
"times": PoolRealArray( 0 ),
"transitions": PoolRealArray( 1 ),
"update": 0,
"values": [ Vector2( 42, 32.25 ) ]
}

[sub_resource type="Animation" id=8]
resource_name = "Sad"
tracks/0/type = "value"
tracks/0/path = NodePath("DigitalScreen/Characters/Dave:frame")
tracks/0/interp = 1
tracks/0/loop_wrap = true
tracks/0/imported = false
tracks/0/enabled = true
tracks/0/keys = {
"times": PoolRealArray( 0 ),
"transitions": PoolRealArray( 1 ),
"update": 1,
"values": [ 5 ]
}

[sub_resource type="Animation" id=9]
resource_name = "Secret"
length = 3.0
tracks/0/type = "value"
tracks/0/path = NodePath("DigitalScreen/Characters/Dave:frame")
tracks/0/interp = 1
tracks/0/loop_wrap = true
tracks/0/imported = false
tracks/0/enabled = true
tracks/0/keys = {
"times": PoolRealArray( 0 ),
"transitions": PoolRealArray( 1 ),
"update": 1,
"values": [ 17 ]
}

[sub_resource type="Animation" id=10]
resource_name = "Sleeping"
length = 2.0
loop = true
tracks/0/type = "value"
tracks/0/path = NodePath("DigitalScreen/Characters/Dave:frame")
tracks/0/interp = 1
tracks/0/loop_wrap = true
tracks/0/imported = false
tracks/0/enabled = true
tracks/0/keys = {
"times": PoolRealArray( 0, 1 ),
"transitions": PoolRealArray( 1, 1 ),
"update": 1,
"values": [ 15, 16 ]
}

[node name="Tamagotchi" type="TextureRect"]
anchor_right = 1.0
anchor_bottom = 1.0
margin_right = -1198.0
margin_bottom = -599.0
rect_scale = Vector2( 5, 5 )
mouse_filter = 2
texture = ExtResource( 1 )
script = ExtResource( 2 )
__meta__ = {
"_edit_use_anchors_": false
}

[node name="DigitalScreen" type="Control" parent="."]
margin_left = 13.0
margin_top = 54.0
margin_right = 69.0
margin_bottom = 102.0
mouse_filter = 2
__meta__ = {
"_edit_use_anchors_": false
}

[node name="Meters" type="TextureRect" parent="DigitalScreen"]
margin_left = 4.0
margin_top = 3.25
margin_right = 29.0
margin_bottom = 44.25
mouse_filter = 2
texture = ExtResource( 5 )
__meta__ = {
"_edit_use_anchors_": false
}

[node name="Food" type="TextureProgress" parent="DigitalScreen/Meters"]
margin_left = 2.0
margin_top = 1.0
margin_right = 5.0
margin_bottom = 32.0
mouse_filter = 2
max_value = 10.0
value = 10.0
texture_progress = ExtResource( 3 )
fill_mode = 3
__meta__ = {
"_edit_use_anchors_": false
}

[node name="Happiness" type="TextureProgress" parent="DigitalScreen/Meters"]
margin_left = 9.0
margin_top = 1.0
margin_right = 12.0
margin_bottom = 32.0
mouse_filter = 2
max_value = 10.0
value = 10.0
texture_progress = ExtResource( 3 )
fill_mode = 3

[node name="Life" type="TextureProgress" parent="DigitalScreen/Meters"]
margin_left = 24.7133
margin_top = 1.0
margin_right = 45.7133
margin_bottom = 6.0
mouse_filter = 2
max_value = 4.0
value = 4.0
texture_progress = ExtResource( 6 )
__meta__ = {
"_edit_use_anchors_": false
}

[node name="Menu" type="Sprite" parent="DigitalScreen"]
visible = false
position = Vector2( 35, 27.5 )
texture = ExtResource( 4 )
hframes = 3
frame = 2

[node name="Characters" type="Node2D" parent="DigitalScreen"]

[node name="Dave" type="Sprite" parent="DigitalScreen/Characters"]
position = Vector2( 42, 32.25 )
texture = ExtResource( 12 )
vframes = 3
hframes = 6
frame = 3

[node name="AnimationPlayer" type="AnimationPlayer" parent="DigitalScreen/Characters/Dave"]

[node name="Poo" type="Sprite" parent="DigitalScreen/Characters"]
visible = false
position = Vector2( 28, 32.25 )
texture = ExtResource( 12 )
vframes = 3
hframes = 6
frame = 1

[node name="AnimationPlayer" type="AnimationPlayer" parent="DigitalScreen/Characters/Poo"]
anims/one_poo = SubResource( 1 )
anims/two_poos = SubResource( 2 )

[node name="FeedGame" type="Node2D" parent="DigitalScreen"]
visible = false
position = Vector2( 35.5, 26.5 )

[node name="FeedDave" type="Sprite" parent="DigitalScreen/FeedGame"]
position = Vector2( 0, 12 )
texture = ExtResource( 14 )

[node name="Burger" type="Sprite" parent="DigitalScreen/FeedGame"]
position = Vector2( 0, -8 )
texture = ExtResource( 13 )

[node name="PlayGame" type="Node2D" parent="DigitalScreen"]
visible = false
position = Vector2( 35, 28 )

[node name="PlayDave" type="Sprite" parent="DigitalScreen/PlayGame"]
texture = ExtResource( 14 )

[node name="Maze" type="Sprite" parent="DigitalScreen/PlayGame"]
texture = ExtResource( 16 )

[node name="Goal" type="Sprite" parent="DigitalScreen/PlayGame"]
texture = ExtResource( 15 )

[node name="GrabArea" type="Area2D" parent="."]

[node name="CollisionPolygon2D" type="CollisionPolygon2D" parent="GrabArea"]
visible = false
polygon = PoolVector2Array( 34, 121, 48, 121, 53, 120, 56, 119, 66, 114, 73, 107, 76, 103, 80, 95, 81, 92, 82, 87, 82, 73, 81, 66, 80, 62, 74, 46, 68, 30, 63, 18, 56, 11, 53, 9, 47, 7, 46, 2, 44, 0, 38, 0, 36, 2, 35, 7, 29, 9, 26, 11, 19, 18, 14, 30, 8, 46, 2, 62, 1, 66, 0, 73, 0, 87, 1, 92, 2, 95, 6, 103, 9, 107, 16, 114, 26, 119, 29, 120 )

[node name="MenuButton" type="TextureButton" parent="."]
margin_left = 34.0
margin_top = 25.0
margin_right = 48.0
margin_bottom = 39.0
mouse_default_cursor_shape = 2
texture_normal = ExtResource( 8 )
__meta__ = {
"_edit_use_anchors_": false
}

[node name="UpButton" type="TextureButton" parent="."]
margin_left = 36.0
margin_top = 14.0
margin_right = 46.0
margin_bottom = 24.0
mouse_default_cursor_shape = 2
texture_normal = ExtResource( 9 )

[node name="DownButton" type="TextureButton" parent="."]
margin_left = 36.0
margin_top = 40.0
margin_right = 46.0
margin_bottom = 50.0
mouse_default_cursor_shape = 2
texture_normal = ExtResource( 7 )
__meta__ = {
"_edit_use_anchors_": false
}

[node name="LeftButton" type="TextureButton" parent="."]
margin_left = 23.0
margin_top = 27.0
margin_right = 33.0
margin_bottom = 37.0
mouse_default_cursor_shape = 2
texture_normal = ExtResource( 10 )
__meta__ = {
"_edit_use_anchors_": false
}

[node name="RightButton" type="TextureButton" parent="."]
margin_left = 49.0
margin_top = 27.0
margin_right = 59.0
margin_bottom = 37.0
mouse_default_cursor_shape = 2
texture_normal = ExtResource( 11 )

[node name="FoodGoesDown" type="Timer" parent="."]
wait_time = 5.0
autostart = true

[node name="HappinessGoesDown" type="Timer" parent="."]
wait_time = 10.0
autostart = true

[node name="TimeToPoo" type="Timer" parent="."]
wait_time = 10.0
one_shot = true

[node name="AnimationPlayer" type="AnimationPlayer" parent="."]
anims/Dead = SubResource( 3 )
anims/Disappointed = SubResource( 4 )
anims/Happy = SubResource( 5 )
anims/Hungry = SubResource( 6 )
anims/Idle = SubResource( 7 )
anims/Sad = SubResource( 8 )
anims/Secret = SubResource( 9 )
anims/Sleeping = SubResource( 10 )

[node name="RandomFlipH" type="Timer" parent="."]
autostart = true

[node name="SleepingTimer" type="Timer" parent="."]
wait_time = 15.0
one_shot = true
autostart = true
[connection signal="mouse_entered" from="GrabArea" to="." method="_on_GrabArea_mouse_entered"]
[connection signal="mouse_exited" from="GrabArea" to="." method="_on_GrabArea_mouse_exited"]
[connection signal="button_down" from="MenuButton" to="." method="_on_MenuButton_button_down"]
[connection signal="button_down" from="UpButton" to="." method="_on_UpButton_button_down"]
[connection signal="button_down" from="DownButton" to="." method="_on_DownButton_button_down"]
[connection signal="button_down" from="LeftButton" to="." method="_on_LeftButton_button_down"]
[connection signal="button_down" from="RightButton" to="." method="_on_RightButton_button_down"]
[connection signal="timeout" from="FoodGoesDown" to="." method="_on_FoodGoesDown_timeout"]
[connection signal="timeout" from="HappinessGoesDown" to="." method="_on_HappinessGoesDown_timeout"]
[connection signal="timeout" from="TimeToPoo" to="." method="_on_TimeToPoo_timeout"]
[connection signal="animation_finished" from="AnimationPlayer" to="." method="_on_AnimationPlayer_animation_finished"]
[connection signal="timeout" from="RandomFlipH" to="." method="_on_RandomFlipH_timeout"]
